@InProceedings{Worringen:pb05,
  author = 	 {Joachim Worringen},
  title = 	 {Experiment Management and Analysis with perfbase},
  booktitle = 	 {Proceedings of the IEEE International Conference on Cluster Computing},
  year = 	 {2005},
  address = 	 {Boston},
  month = 	 {September},
  publisher =    {IEEE Computer Society Press},
  annote = 	 {Rated as Outstanding Paper}
}

